@book{ziviani2010,
  title={Projeto de Algoritmos: com Implementações em Pascal e C},
  author={Ziviani, Nivio},
  year={2010},
  publisher={Cengage Learning},
  note={660 p.}
}

@book{cormen2002,
  title={Algoritmos: Teoria e Prática},
  author={Cormen, Thomas H.},
  year={2002},
  publisher={Campus},
  note={916 p.}
}

@book{sedgewick2011,
  title={Algorithms},
  author={Sedgewick, Robert and Wayne, Kevin},
  year={2011},
  publisher={Addison Wesley},
  note={955 p.}
}

@book{pereira2018,
  title={Estruturas de Dados em C: Uma Abordagem Didática},
  author={Pereira, Silvio do Lago},
  year={2018},
  publisher={Érica},
  note={264 p.}
}

@book{ascencio2010,
  title={Estrutura de Dados: Algoritmos, Análise da Complexidade e Implementações em Java e C/C++},
  author={Ascêncio, Ana Fernanda Gomes and Araújo, Graziela Santos},
  year={2010},
  publisher={Pearson},
  note={450 p.}
}

@book{casanova2005,
  title={Bancos de Dados Geográficos},
  author={Casanova, Marco Antônio},
  year={2005},
  publisher={MundoGeo},
  note={506 p.}
}

@book{mizrahi1998,
  title={Treinamento em Linguagem C},
  author={Mizrahi, Victorine Viviane},
  year={2010},
  publisher={Pearson},
  note={405 p.}
}